<record><leader>00000cas a2200000 a 4500</leader><controlfield tag="001">29992048</controlfield><controlfield tag="008">940321d19621976iluwr ne      0   a0eng c</controlfield><datafield ind1=" " ind2=" " tag="010"><subfield code="a">sn 94054359 </subfield></datafield><datafield ind1=" " ind2=" " tag="040"><subfield code="a">NVF</subfield><subfield code="b">eng</subfield><subfield code="c">NVF</subfield><subfield code="d">OCLCQ</subfield><subfield code="d">CVF</subfield><subfield code="d">NVF</subfield><subfield code="d">OCLCQ</subfield><subfield code="d">OCLCF</subfield><subfield code="d">OCLCO</subfield><subfield code="d">NVF</subfield><subfield code="d">OCLCO</subfield><subfield code="d">OCL</subfield></datafield><datafield ind1=" " ind2=" " tag="042"><subfield code="a">pcc</subfield></datafield><datafield ind1=" " ind2=" " tag="043"><subfield code="a">n-us-il</subfield></datafield><datafield ind1="0" ind2=" " tag="130"><subfield code="a">Herald (Batavia, Ill.)</subfield></datafield><datafield ind1="1" ind2="4" tag="245"><subfield code="a">The herald.</subfield></datafield><datafield ind1="1" ind2=" " tag="246"><subfield code="i">Published as:</subfield><subfield code="a">Batavia herald</subfield><subfield code="f">Oct. 30-&lt;Nov. 13, 1963&gt;, and Jan. 26-Feb. 2, 1966</subfield></datafield><datafield ind1="1" ind2=" " tag="246"><subfield code="i">Published as:</subfield><subfield code="a">Kane County herald</subfield><subfield code="f">Sept. 21-Nov. 9, 1966</subfield></datafield><datafield ind1=" " ind2=" " tag="260"><subfield code="a">Batavia, Ill. :</subfield><subfield code="b">Batavia Herald Co.,</subfield><subfield code="c">1962-1976.</subfield></datafield><datafield ind1=" " ind2=" " tag="300"><subfield code="a">v.</subfield></datafield><datafield ind1=" " ind2=" " tag="310"><subfield code="a">Weekly</subfield></datafield><datafield ind1="0" ind2=" " tag="362"><subfield code="a">Vol. 69, no. 35 (Jan. 11, 1962)-v. 83, no. 1 (June 30, 1976).</subfield></datafield><datafield ind1=" " ind2="0" tag="651"><subfield code="a">Batavia (Ill.)</subfield><subfield code="v">Newspapers.</subfield></datafield><datafield ind1=" " ind2="0" tag="651"><subfield code="a">Kane County (Ill.)</subfield><subfield code="v">Newspapers.</subfield></datafield><datafield ind1=" " ind2="7" tag="651"><subfield code="a">Illinois</subfield><subfield code="z">Kane County</subfield><subfield code="2">fast</subfield><subfield code="0">(OCoLC)fst01213235</subfield></datafield><datafield ind1=" " ind2="7" tag="651"><subfield code="a">Illinois</subfield><subfield code="z">Batavia.</subfield><subfield code="2">fast</subfield><subfield code="0">(OCoLC)fst01209161</subfield></datafield><datafield ind1=" " ind2="7" tag="655"><subfield code="a">Newspapers.</subfield><subfield code="2">fast</subfield><subfield code="0">(OCoLC)fst01423814</subfield></datafield><datafield ind1=" " ind2=" " tag="752"><subfield code="a">United States</subfield><subfield code="b">Illinois</subfield><subfield code="c">Kane</subfield><subfield code="d">Batavia.</subfield></datafield><datafield ind1="0" ind2="0" tag="780"><subfield code="t">Batavia herald</subfield><subfield code="w">(DLC)sn 93057101</subfield><subfield code="w">(OCoLC)28532403</subfield></datafield><datafield ind1="0" ind2="0" tag="785"><subfield code="t">Batavia chronicle</subfield><subfield code="w">(DLC)sn 94054358</subfield><subfield code="w">(OCoLC)29992209</subfield></datafield><datafield ind1="1" ind2=" " tag="029"><subfield code="a">AU@</subfield><subfield code="b">000010930835</subfield></datafield></record>